<?xml version="1.0" encoding="UTF-8"?><collection xmlns="http://www.loc.gov/MARC21/slim"><record><leader>00553nam--2200169-i-4500</leader><controlfield tag="001">000048875</controlfield><controlfield tag="002">20161230</controlfield><controlfield tag="005">20161230201047</controlfield><controlfield tag="008">060222s1000------------r-----000-0-eng-d</controlfield><datafield ind1=" " ind2=" " tag="040"><subfield code="a">IFIN-HH</subfield></datafield><datafield ind1=" " ind2=" " tag="080"><subfield code="a">539.12.162.8(061.3)</subfield></datafield><datafield ind1="1" ind2=" " tag="100"><subfield code="a">Brennan, Eileen C</subfield></datafield><datafield ind1="1" ind2="0" tag="245"><subfield code="a">Supersymmetry</subfield><subfield code="b">Proceedings of the thirteenth slac summer institute on particle physics july 1985 slac report no 296</subfield><subfield code="c">Eileen c. brennan (ed.)</subfield></datafield><datafield ind1=" " ind2=" " tag="260"><subfield code="a">Stanford, California</subfield><subfield code="b">Stanford University</subfield><subfield code="c">1986</subfield></datafield><datafield ind1=" " ind2=" " tag="300"><subfield code="a">722P</subfield></datafield><datafield ind1=" " ind2=" " tag="852"><subfield code="a">78925</subfield><subfield code="c">539.12</subfield></datafield><datafield ind1=" " ind2=" " tag="CAT"><subfield code="a">Sys</subfield><subfield code="c">20120125</subfield><subfield code="h">120926</subfield></datafield></record></collection>